<collection xmlns="http://www.loc.gov/MARC21/slim">
   <record>
      <leader>01634cam a2200337 a 4500</leader>
      <controlfield tag="001">6813611</controlfield>
      <controlfield tag="003">OCoLC</controlfield>
      <controlfield tag="005">20150220171825.0</controlfield>
      <controlfield tag="008">141029s2015    enka     b    001 0 eng d</controlfield>
      <datafield ind1=" " ind2=" " tag="020">
         <subfield code="a">9781137479808</subfield>
      </datafield>
      <datafield ind1=" " ind2=" " tag="020">
         <subfield code="a">1137479809</subfield>
      </datafield>
      <datafield ind1=" " ind2=" " tag="035">
         <subfield code="a">ocn894307822</subfield>
      </datafield>
      <datafield ind1=" " ind2=" " tag="040">
         <subfield code="a">BTCTA</subfield>
         <subfield code="b">eng</subfield>
         <subfield code="c">BTCTA</subfield>
         <subfield code="d">YDXCP</subfield>
         <subfield code="d">BDX</subfield>
         <subfield code="d">CDX</subfield>
         <subfield code="d">AEU</subfield>
      </datafield>
      <datafield ind1=" " ind2="4" tag="050">
         <subfield code="a">HC79.E5</subfield>
         <subfield code="b">G74 2015</subfield>
      </datafield>
      <datafield ind1="0" ind2="4" tag="082">
         <subfield code="a">338.9/27</subfield>
         <subfield code="2">23</subfield>
      </datafield>
      <datafield ind1=" " ind2=" " tag="090">
         <subfield code="a">HC79 .E5 G745 2015</subfield>
         <subfield code="b">AEGMCT</subfield>
      </datafield>
      <datafield ind1="0" ind2="0" tag="245">
         <subfield code="a">Green innovation and future technology :</subfield>
         <subfield code="b">engaging regional SMEs in the green economy /</subfield>
         <subfield code="c">edited by Felicity Kelliher and Leana Reinl.</subfield>
      </datafield>
      <datafield ind1=" " ind2=" " tag="260">
         <subfield code="a">Basingstoke, Hampshire ;</subfield>
         <subfield code="a">New York :</subfield>
         <subfield code="b">Palgrave Macmillan,</subfield>
         <subfield code="c">2015.</subfield>
      </datafield>
      <datafield ind1=" " ind2=" " tag="300">
         <subfield code="a">xx, 118 p. :</subfield>
         <subfield code="b">ill. ;</subfield>
         <subfield code="c">23 cm.</subfield>
      </datafield>
      <datafield ind1="1" ind2=" " tag="490">
         <subfield code="a">Palgrave Pivot</subfield>
      </datafield>
      <datafield ind1=" " ind2=" " tag="504">
         <subfield code="a">Includes bibliographical references and index.</subfield>
      </datafield>
      <datafield ind1=" " ind2=" " tag="596">
         <subfield code="a">29</subfield>
      </datafield>
      <datafield ind1=" " ind2="0" tag="650">
         <subfield code="a">Sustainable development.</subfield>
         <subfield code="0">http://id.loc.gov/authorities/subjects/sh92005743</subfield>
      </datafield>
      <datafield ind1=" " ind2="0" tag="650">
         <subfield code="a">Technological innovations</subfield>
         <subfield code="x">Environmental aspects.</subfield>
         <subfield code="0">http://id.loc.gov/authorities/subjects/sh2009102990</subfield>
      </datafield>
      <datafield ind1="1" ind2=" " tag="700">
         <subfield code="a">Kelliher, Felicity.</subfield>
         <subfield code="0">http://id.loc.gov/authorities/names/no2015010820</subfield>
         <subfield code="0">http://viaf.org/viaf/313500750</subfield>
      </datafield>
      <datafield ind1="1" ind2=" " tag="700">
         <subfield code="a">Reinl, Leana.</subfield>
         <subfield code="0">http://id.loc.gov/authorities/names/no2015010923</subfield>
         <subfield code="0">http://viaf.org/viaf/313500846</subfield>
      </datafield>
      <datafield ind1=" " ind2=" " tag="758">
         <subfield code="0">http://worldcat.org/entity/work/id/20450609</subfield>
      </datafield>
      <datafield ind1="0" ind2=" " tag="787">
         <subfield code="n">OCLC Work Id</subfield>
         <subfield code="o">http://worldcat.org/entity/work/id/20450609</subfield>
      </datafield>
      <datafield ind1=" " ind2="0" tag="830">
         <subfield code="a">Palgrave Pivot.</subfield>
         <subfield code="0">http://id.loc.gov/authorities/names/no2012160523</subfield>
      </datafield>
      <datafield ind1=" " ind2=" " tag="949">
         <subfield code="a">HC79 .E5 G745 2015</subfield>
         <subfield code="h">GMCT-OS-B</subfield>
         <subfield code="i">1007401464</subfield>
         <subfield code="p">82.34</subfield>
         <subfield code="k">AVAIL_SOON</subfield>
      </datafield>
      <datafield ind1=" " ind2=" " tag="926">
         <subfield code="a">HC79 .E5 G745 2015</subfield>
         <subfield code="w">LC</subfield>
         <subfield code="c">1</subfield>
         <subfield code="i">1007401464</subfield>
         <subfield code="d">3/18/2015</subfield>
         <subfield code="l">ON_SHELF</subfield>
         <subfield code="m">GR_MACEWAN</subfield>
         <subfield code="p">$78.42</subfield>
         <subfield code="r">Y</subfield>
         <subfield code="s">Y</subfield>
         <subfield code="t">BOOK</subfield>
         <subfield code="u">3/3/2015</subfield>
      </datafield>
   </record>
</collection>
